<?xml version='1.0' encoding='UTF-8'?>
<record xmlns="http://www.loc.gov/MARC21/slim">
  <leader>00732cam a22002055  4500</leader>
  <controlfield tag="001">2788070</controlfield>
  <controlfield tag="003">NjP</controlfield>
  <controlfield tag="005">20171013181100.0</controlfield>
  <controlfield tag="008">991120s1961    sy a          000 0 ara d</controlfield>
  <datafield tag="024" ind1="7" ind2=" ">
    <subfield code="a">princeton_aco002061</subfield>
    <subfield code="2">local</subfield>
  </datafield>
  <datafield ind1=" " ind2=" " tag="035">
    <subfield code="a">(OCoLC)ocm42865737</subfield>
  </datafield>
  <datafield ind1=" " ind2=" " tag="035">
    <subfield code="9">CNJ7103TS</subfield>
  </datafield>
  <datafield ind1=" " ind2=" " tag="040">
    <subfield code="a">PUL</subfield>
    <subfield code="c">PUL</subfield>
  </datafield>
  <datafield ind1="2" ind2=" " tag="110">
    <subfield code="a">Muʾassasat al-Lājiʾīn al-Filasṭīnīyīn al-ʻArab (Syria).</subfield>
    <subfield code="b">al-Mudīrīyah al-ʻĀmmah.</subfield>
  </datafield>
  <datafield ind1="0" ind2="0" tag="245">
    <subfield code="a">Man hum? ...</subfield>
    <subfield code="c">al-lājiʾūn al-Filasṭīnīyūn.</subfield>
  </datafield>
  <datafield ind1=" " ind2=" " tag="260">
    <subfield code="a">[Damascus,</subfield>
    <subfield code="c">1961]</subfield>
  </datafield>
  <datafield ind1=" " ind2=" " tag="300">
    <subfield code="a">47 p.</subfield>
    <subfield code="b">illus.</subfield>
    <subfield code="c">20 cm.</subfield>
  </datafield>
  <datafield ind1=" " ind2=" " tag="546">
    <subfield code="a">In Arabic.</subfield>
  </datafield>
  <datafield ind1=" " ind2="0" tag="650">
    <subfield code="a">Refugees, Arab.</subfield>
    <subfield code="0">http://id.loc.gov/authorities/subjects/sh85112307</subfield>
  </datafield>
  <datafield ind1=" " ind2=" " tag="945">
    <subfield code="a">F</subfield>
    <subfield code="b">1</subfield>
    <subfield code="c">2272.66104.361</subfield>
  </datafield>
  <datafield ind1=" " ind2=" " tag="911">
    <subfield code="a">20000130</subfield>
  </datafield>
  <datafield ind1="0" ind2="0" tag="852">
    <subfield code="0">3099034</subfield>
    <subfield code="b">nec</subfield>
    <subfield code="t">1</subfield>
    <subfield code="h">HV640.5.A6</subfield>
    <subfield code="i">M837 1961</subfield>
  </datafield>
  <datafield ind1=" " ind2=" " tag="959">
    <subfield code="a">2009-06-30 16:33:58 -0400</subfield>
  </datafield>
</record>
